 %**********************************************************************************************************************

@MISC{gtfs-info,
  key	=	 {zweb:gtfs-info},
  author = {Google Developers},
  title  =	{GTFS Static Overview},
  howpublished = {[online]},
  year  =    {[cit. 2021-03-11]},
  note   =	{Dostupné z: \url{https://developers.google.com/transit/gtfs/}},
}

@MISC{pid,
  key	=	 {zweb:pid},
  author = {Pražská integrovaná doprava},
  title  =	{O systému|Pražská integrovaná doprava},
  howpublished = {[online]},
  year  =    {[cit. 2021-03-11]},
  note   =	{Dostupné z: \url{https://pid.cz/o-systemu/}},
}

@MISC{bayer-delaunay,
  key	=	 {zweb:bayer-delaunay},
  author = {Tomáš Bayer},
  title  =	{Rovinné triangulace a jejich využití.},
  howpublished = {[online]},
  year  =    {[cit. 2021-04-12]},
  note   =	{Dostupné z: \url{https://web.natur.cuni.cz/~bayertom/images/courses/Adk/adk5.pdf}},
}

@MISC{bayer-voronoi,
  key	=	 {zweb:bayer-voronoi},
  author = {Tomáš Bayer},
  title  =	{Voronoi diagram.
Vlastnosti, použití, konstrukce. Zobecněné Voronoi diagramy.
},
  howpublished = {[online]},
  year  =    {[cit. 2021-03-23]},
  note   =	{Dostupné z: \url{https://web.natur.cuni.cz/~bayertom/images/courses/Adk/adk6.pdf}},
}

@MISC{bayer-douglas,
  key	=	 {zweb:bayer-douglas},
  author = {Tomáš Bayer},
  title  =	{Kartografické generalizační algoritmy
Generace bodových prvků/skupin. Generalizace liniových
prvků/skupin. Generalizace plošných prvků/skupin.
},
  howpublished = {[online]},
  year  =    {[cit. 2021-04-08]},
  note   =	{Dostupné z: \url{https://web.natur.cuni.cz/~bayertom/images/courses/Adk/adk8.pdf}},
}

@MISC{QgsTask,
  key	=	 {zweb:QgsTask},
  author = {QGIS},
  title  =	{Třída QgsTask},
  howpublished = {[online]},
  year  =    {[cit. 2021-03-25]},
  note   =	{Dostupné z: \url{https://qgis.org/pyqgis/3.16/core/QgsTask.html#qgis.core.QgsTask}},
}

@MISC{QGIS_docs,
  key	=	 {zweb:QGIS_docs},
  author = {QGIS},
  title  =	{QGIS dokumentace},
  howpublished = {[online]},
  year  =    {[cit. 2021-03-29]},
  note   =	{Dostupné z: \url{https://docs.qgis.org/3.16/en/docs/index.html}},
}

@MISC{chaikin,
  key	=	 {zweb:chaikin},
  author = {Kenneth I. Joy},
  title  =	{CHAIKIN’S ALGORITHMS FOR CURVES},
  howpublished = {[online]},
  year  =    {[cit. 2021-04-11]},
  note   =	{Dostupné z: \url{https://www.cs.unc.edu/~dm/UNC/COMP258/LECTURES/Chaikins-Algorithm.pdf}},
}

@MISC{shapefile,
  key	=	 {zweb:shapefile},
  author = {Esri},
  title  =	{Shapefiles},
  howpublished = {[online]},
  year  =    {[cit. 2021-04-12]},
  note   =	{Dostupné z: \url{https://doc.arcgis.com/en/arcgis-online/reference/shapefiles.htm}},
}

@MISC{opendata,
  key	=	 {zweb:opendata},
  author = {Opendata Praha},
  title  =	{Pražská integrovaná doprava - tarifní pásma},
  howpublished = {[online]},
  year  =    {[cit. 2021-04-12]},
  note   =	{Dostupné z: \url{https://opendata.praha.eu/dataset/ipr-prazska_integrovana_doprava_-_tarifni_pasma}},
}

@MISC{transitwiki,
  key	=	 {zweb:transitwiki},
  author = {TransitWiki users},
  title  =	{General Transit Feed Specification},
  howpublished = {[online]},
  year  =    {[cit. 2021-04-12]},
  note   =	{Dostupné z: \url{https://www.transitwiki.org/TransitWiki/index.php/General_Transit_Feed_Specification}},
}

@MISC{python,
  key	=	 {zweb:python},
  author = {Python Software Foundation},
  title  =	{Python},
  howpublished = {[online]},
  year  =    {[cit. 2021-04-16]},
  note   =	{Dostupné z: \url{https://www.python.org/}},
}

@MISC{qgis,
  key	=	 {zweb:qgis},
  author = {QGIS Development Team},
  title  =	{QGIS},
  howpublished = {[online]},
  year  =    {[cit. 2021-04-16]},
  note   =	{Dostupné z: \url{https://www.qgis.org/}},
}

@MISC{wikipedia-paradigma,
  key	=	 {zweb:wikipedia-paradigma},
  author = {Přispěvatelé Wikipedie},
  title  =	{Programovací paradigma},
  howpublished = {[online]},
  year  =    {[cit. 2021-04-16]},
  note   =	{Dostupné z: \url{https://cs.wikipedia.org/wiki/Programovac%C3%AD_paradigma}},
}

@MISC{wikipedia-ropid,
  key	=	 {zweb:wikipedia-ropid},
  author = {Přispěvatelé Wikipedie},
  title  =	{ROPID},
  howpublished = {[online]},
  year  =    {[cit. 2021-04-18]},
  note   =	{Dostupné z: \url{https://cs.wikipedia.org/wiki/ROPID}},
}

@MISC{pyqt,
  key	=	 {zweb:pyqt},
  author = {Riverbank Computing},
  title  =	{What is PyQt?},
  howpublished = {[online]},
  year  =    {[cit. 2021-04-22]},
  note   =	{Dostupné z: \url{https://riverbankcomputing.com/software/pyqt}},
}

@MISC{vanicek,
  key	=	 {zweb:vanicek},
  author = {Tomáš Vaníček},
  title  =	{Triangulace},
  howpublished = {[online]},
  year  =    {[cit. 2021-04-27]},
  note   =	{Dostupné z: \url{https://kix.fsv.cvut.cz/~vanicek/vyuka_z09/Triangulace.ppt}},
}

@MISC{triangulace-greedy,
  key	=	 {zweb:triangulace-greedy},
  author = {Brian D. Corner},
  title  =	{Illustration of greedy triangulation.},
  howpublished = {[online]},
  year  =    {[cit. 2021-04-27]},
  note   =	{Dostupné z: \url{https://www.researchgate.net/figure/Illustration-of-greedy-triangulation_fig21_228574112}},
}

@MISC{triangulace-delaunay,
  key	=	 {zweb:triangulace-delaunay},
  author = {Přispěvatelé Wikipedie},
  title  =	{Delaunay triangulation.},
  howpublished = {[online]},
  year  =    {[cit. 2021-04-27]},
  note   =	{Dostupné z: \url{https://upload.wikimedia.org/wikipedia/commons/d/db/Delaunay_circumcircles_vectorial.svg}},
}

@book{alpha-shapes,
    author    = "F. Bernardini and C. Bajaj",
    title     = "Sampling and reconstructing manifolds using alpha-shapes",
    year      = "1997",
    publisher = "Dept. Comput. Sci.",
    address   = "Purdue Univ., West Lafayette",
    note      =	{[cit. 2021-04-28]}
}

@MISC{alpha-shapes-picture,
  key	=	 {zweb:alpha-shapes-picture},
  author = {Tran Kai Frank Da},
  title  =	{CGAL 5.2.1 - 2D Alpha Shapes},
  howpublished = {[online]},
  year  =    {[cit. 2021-04-28]},
  note   =	{Dostupné z: \url{https://doc.cgal.org/latest/Alpha_shapes_2/index.html}},
}

@MISC{chaiken,
  key	=	 {zweb:chaiken},
  author = {Boris Odehnal},
  title  =	{Some steps of Chaikin's algorithm and limit curve},
  howpublished = {[online]},
  year  =    {[cit. 2021-04-27]},
  note   =	{Dostupné z: \url{https://www.researchgate.net/figure/Some-steps-of-Chaikins-algorithm-and-limit-curve_fig3_258027659}},
}

@MISC{github,
  key	=	 {zweb:github},
  author = {GitHub, Inc.},
  title  =	{GitHub},
  howpublished = {[online]},
  year  =    {[cit. 2021-05-06]},
  note   =	{Dostupné z: \url{https://github.com/}},
}

@MISC{pycharm,
  key	=	 {zweb:pycharm},
  author = {JetBrains s.r.o.},
  title  =	{PyCharm},
  howpublished = {[online]},
  year  =    {[cit. 2021-05-06]},
  note   =	{Dostupné z: \url{https://www.jetbrains.com/pycharm/}},
}

@article{res-u-net,
  title={Building Extraction in Very High Resolution Remote Sensing Imagery Using Deep Learning and Guided Filters},
  author={Y. XU and L. WU and Z. XIE and Z. CHEN},
  journal={Remote Sensing},
  volume={10},
  number={1},
  year={2018},
  publisher={MDPI}
}
